@misc{smartphones,
	title="Smartphone users | Statista [Электронный ресурс]",
	howpublished="Режим доступа: \url{https://www.statista.com/statistics/330695/number-of-smartphone-users-worldwide/} (дата обращения: 8.11.2020)"
}

@misc{pcs,
	title="How mamy people have access to a computer | Statista [Электронный ресурс]",
	howpublished="Режим доступа: \url{https://www.statista.com/statistics/748551/worldwide-households-with-computer/} (дата обращения: 8.11.2020)"
}

@misc{digitalconsumption,
	title="GLobal Online Content Comsumption Doubled In 2020 -- Forbes [Электронный ресурс]",
	howpublished="Режим доступа: \url{https://www.forbes.com/sites/johnkoetsier/2020/09/26/global-online-content-consumption-doubled-in-2020/?sh=248eeecd2fde} (дата обращения: 8.11.2020)"
}

@misc{onlineshopping,
	title="Find out How Many People Shop Online in 2020 | Oberlo [Электронный ресурс]",
	howpublished="Режим доступа: \url{https://www.oberlo.com/statistics/how-many-people-shop-online} (дата обращения: 8.11.2020)"
}

@misc{digitaleyestrain,
	title="Digital Eye Strain | The Vision Council [Электронный ресурс]",
	howpublished="Режим доступа: \url{http://web-old.archive.org/web/20200612073503/https://www.thevisioncouncil.org/content/digital-eye-strain} (дата обращения: 8.11.2020)"
}

@misc{darkmode,
	title="Dark Mode - What Is It, and Why Do We Need It? | techahead [Электронный ресурс]",
	howpublished="Режим доступа: \url{https://www.techaheadcorp.com/blog/dark-mode/} (дата обращения: 8.11.2020)"
}

@misc{melatonin,
	title="Blue light has a dark side -- Harvard Health [Электронный ресурс]",
	howpublished="Режим доступа: \url{https://www.health.harvard.edu/staying-healthy/blue-light-has-a-dark-side} (дата обращения: 8.11.2020)"
}

@misc{batterysaving,
	title="Cost of a Pixel Color (Android Dev Summit '18) -- YouTube [Электронный ресурс]",
	howpublished="Режим доступа: \url{https://www.youtube.com/watch?v=N_6sPd0Jd3g} (дата обращения: 8.11.2020)"
}

@misc{OLED,
	title="OLED -- Wikipedia [Электронный ресурс]",
	howpublished="Режим доступа: \url{https://en.wikipedia.org/wiki/OLED} (дата обращения: 8.11.2020)"
}

@misc{youtube,
	title="YouTube -- Wikipedia [Электронный ресурс]",
	howpublished="Режим доступа: \url{https://en.wikipedia.org/wiki/YouTube} (дата обращения: 8.11.2020)"
}

@misc{whitecolor,
	title="Is Dark Mode Better for Your Eyes? -- Rx Optical [Электронный ресурс]",
	howpublished="Режим доступа: \url{https://rxoptical.com/eye-health/is-dark-mode-better-for-your-eyes/} (дата обращения: 16.11.2020)"
}

@misc{colordepth,
	title="Color depth -- Wikipedia [Электронный ресурс]",
	howpublished="Режим доступа: \url{https://en.wikipedia.org/wiki/Color_depth} (дата обращения: 19.11.2020)"
}

@misc{truecolor,
	title="True Color -- Википедия [Электронный ресурс]",
	howpublished="Режим доступа: \url{https://ru.wikipedia.org/wiki/TrueColor} (дата обращения: 19.11.2020)"
}

@misc{CMYK,
	title="CMYK color model -- Wikipedia [Электронный ресурс]",
	howpublished="Режим доступа: \url{https://en.wikipedia.org/wiki/CMYK_color_model} (дата обращения: 19.11.2020)"
}

@misc{webpage,
	title="Веб-страницы, веб-сайты, веб серверы и поисковики -- Изучение веб-разработки | MDN [Электронный ресурс]",
	howpublished="Режим доступа: \url{https://developer.mozilla.org/ru/docs/Learn/Pages_sites_servers_and_search_engines} (дата обращения: 21.11.2020)"
}

@misc{CSS,
	title="CSS -- Википедия [Электронный ресурс]",
	howpublished="Режим доступа: \url{https://ru.wikipedia.org/wiki/CSS} (дата обращения: 21.11.2020)"
}

@misc{nighteye,
	title="Night Eye -- Dark mode extension [Электронный ресурс]",
	howpublished="Режим доступа: \url{https://nighteye.app/} (дата обращения: 22.11.2020)"
}

@misc{chromedarkmode,
	title="Browse in Dark mode or Dark theme -- Android -- Google Chrome Help Center [Электронный ресурс]",
	howpublished="Режим доступа: \url{https://support.google.com/chrome/answer/9275525?co=GENIE.Platform%3DAndroid&hl=en} (дата обращения: 22.11.2020)"
}

@misc{chrome,
	title="Веб-браузер Google Chrome [Электронный ресурс]",
	howpublished="Режим доступа: \url{https://www.google.com/intl/ru_ru/chrome/} (дата обращения: 22.11.2020)"
}

@misc{colorpalette,
	title="Цветовая палитра -- Википедия [Электронный ресурс]",
	howpublished="Режим доступа: \url{https://ru.wikipedia.org/wiki/%D0%A6%D0%B2%D0%B5%D1%82%D0%BE%D0%B2%D0%B0%D1%8F_%D0%BF%D0%B0%D0%BB%D0%B8%D1%82%D1%80%D0%B0} (дата обращения: 27.11.2020)"
}

@misc{colormap,
	title="Palette (computing) -- Wikipedia [Электронный ресурс]",
	howpublished="Режим доступа: \url{https://en.wikipedia.org/wiki/Palette_(computing)} (дата обращения: 01.12.2020)"
}

@misc{sitereadability,
	title="Критерии 100\% читаемости сайтов / Хабр [Электронный ресурс]",
	howpublished="Режим доступа: \url{https://habr.com/ru/post/48862/} (дата обращения: 01.12.2020)"
}

@misc{cssmostusedcm,
	title="Defining Colors in CSS [Электронный ресурс]",
	howpublished="Режим доступа: \url{http://web.simmons.edu/~grovesd/comm244/notes/week3/css-colors#:~:text=Hexadecimal%20Color%20Values,way%20to%20represent%20RGB%20values.} (дата обращения: 01.12.2020)"
}

@misc{wcag,
	title="Web Content Accessibility Guidelines (WCAG) 2.1 [Электронный ресурс]",
	howpublished="Режим доступа: \url{https://www.w3.org/TR/WCAG21/} (дата обращения: 06.12.2020)"
}

@misc{wcag1,
	title="Understanding Web Accessibility Color Contrast Guidelines and Ratios | CSS-Tricks [Электронный ресурс]",
	howpublished="Режим доступа: \url{https://css-tricks.com/understanding-web-accessibility-color-contrast-guidelines-and-ratios/} (дата обращения: 06.12.2020)"
}

@misc{wcagcontrast,
	title="Web Content Accessibility Guidelines (WCAG) 2.1 [Электронный ресурс]",
	howpublished="Режим доступа: \url{https://www.w3.org/TR/WCAG21/#contrast-enhanced} (дата обращения: 08.12.2020)"
}

@misc{relativeluminance,
	title="Web Content Accessibility Guidelines (WCAG) 2.1 [Электронный ресурс]",
	howpublished="Режим доступа: \url{https://www.w3.org/TR/WCAG21/#dfn-contrast-ratio} (дата обращения: 08.12.2020)"
}

@misc{contrast,
	title="Contrast (vision) -- Wikipedia [Электронный ресурс]",
	howpublished="Режим доступа: \url{https://en.wikipedia.org/wiki/Contrast_(vision)} (дата обращения: 09.12.2020)"
}

@misc{weber,
	title="Display contrast -- Wikipedia [Электронный ресурс]",
	howpublished="Режим доступа: \url{https://en.wikipedia.org/wiki/Display_contrast#Luminance_contrast} (дата обращения: 09.12.2020)"
}